@article{Gu2002Geometry,
  title={Geometry images},
  author={Gu, Xianfeng and Gortler, Steven J and Hoppe, Hugues},
  journal={ACM Transactions on Graphics (TOG)},
  volume={21},
  number={3},
  pages={355--361},
  year={2002},
  publisher={ACM}
}

@article{Poranne2017Autocuts,
author = {Roi Poranne and Marco Tarini and Sandro Huber and Daniele Panozzo and Olga Sorkine-Hornung},
title = {Autocuts: Simultaneous Distortion and Cut Optimization for UV Mapping},
journal = {ACM Transactions on Graphics (proceedings of ACM SIGGRAPH ASIA)},
year = {2017},
volume = {36},
number = {6},
}

@article{Smith2015Bijective,
  title={Bijective parameterization with free boundaries},
  author={Smith, Jason and Schaefer, Scott},
  journal={ACM Transactions on Graphics (TOG)},
  volume={34},
  number={4},
  pages={70},
  year={2015},
  publisher={ACM}
}

@inproceedings{Teran2005Robust,
  title={Robust quasistatic finite elements and flesh simulation},
  author={Teran, Joseph and Sifakis, Eftychios and Irving, Geoffrey and Fedkiw, Ronald},
  booktitle={Proceedings of the 2005 ACM SIGGRAPH/Eurographics symposium on Computer animation},
  pages={181--190},
  year={2005},
  organization={ACM}
}

@techreport{Hormann2000MIPS,
  title={MIPS: An efficient global parametrization method},
  author={Hormann, Kai and Greiner, G{\"u}nther},
  year={2000},
  institution={ERLANGEN-NUERNBERG UNIV (GERMANY) COMPUTER GRAPHICS GROUP}
}

@article{Snyder2003Multi,
  title={Multi-chart geometry images},
  author={Snyder, John and Sander, Pedro V and Wood, Zoe J and Gortler, Steven and Hoppe, Hugues},
  year={2003},
  publisher={Eurographics Association/Association for Computing Machinery}
}

@inproceedings{Sheffer2002Seamster,
  title={Seamster: inconspicuous low-distortion texture seam layout},
  author={Sheffer, Alla and Hart, John C},
  booktitle={Proceedings of the conference on Visualization'02},
  pages={291--298},
  year={2002},
  organization={IEEE Computer Society}
}

@inproceedings{Julius2005D,
  title={D-Charts: Quasi-Developable Mesh Segmentation},
  author={Julius, Dan and Kraevoy, Vladislav and Sheffer, Alla},
  booktitle={Computer Graphics Forum},
  volume={24},
  number={3},
  pages={581--590},
  year={2005},
  organization={Wiley Online Library}
}